<?xml version="1.0" encoding="UTF-8" ?>
<collection xmlns:xsi="http://www.w3.org/2001/XMLSchema-instance" xsi:schemaLocation="http://www.loc.gov/MARC21/slim http://www.loc.gov/standards/marcxml/schema/MARC21slim.xsd" xmlns="http://www.loc.gov/MARC21/slim">
   <record>
      <leader>     cam a22     1i 4500</leader>
      <controlfield tag="001">4472539</controlfield>
      <controlfield tag="003">NIC</controlfield>
      <controlfield tag="005">20140726211741.0</controlfield>
      <controlfield tag="008">980727m19331935ua            000 0 arard</controlfield>
      <datafield tag="010" ind1=" " ind2=" ">
         <subfield code="a">   38023460 //r</subfield>
      </datafield>
      <datafield tag="035" ind1=" " ind2=" ">
         <subfield code="a">(OCoLC)8985376</subfield>
      </datafield>
      <datafield tag="035" ind1=" " ind2=" ">
         <subfield code="a">4472539</subfield>
      </datafield>
      <datafield tag="040" ind1=" " ind2=" ">
         <subfield code="a">DLC</subfield>
         <subfield code="c">TU</subfield>
         <subfield code="d">TU</subfield>
         <subfield code="d">NBuU</subfield>
         <subfield code="d">CStRLIN</subfield>
         <subfield code="d">NjP</subfield>
         <subfield code="d">NIC</subfield>
      </datafield>
      <datafield tag="050" ind1="0" ind2=" ">
         <subfield code="a">BP70</subfield>
         <subfield code="b">.I25</subfield>
      </datafield>
      <datafield tag="100" ind1="1" ind2=" ">
         <subfield code="a">Ibn al-Jazarī, Muḥammad ibn Muḥammad,</subfield>
         <subfield code="d">1350-1429.</subfield>
      </datafield>
      <datafield tag="245" ind1="1" ind2="0">
         <subfield code="a">Kitāb ghāyat al-nihāyah fī ṭabaqāt al-qurrāʾ,</subfield>
         <subfield code="c">taʾlīf Shams al-Dīn Muḥammad ibn Muḥammad ibn al-Jazarī.</subfield>
      </datafield>
      <datafield tag="246" ind1="1" ind2="5">
         <subfield code="a">Biographische Lexikon der Koranlehrer</subfield>
      </datafield>
      <datafield tag="246" ind1="3" ind2="0">
         <subfield code="a">Ghāyat al-nihāyah fī ṭabaqāt al-Qurrāʾ.</subfield>
      </datafield>
      <datafield tag="260" ind1=" " ind2=" ">
         <subfield code="a">Miṣr</subfield>
         <subfield code="b">[s.n.,</subfield>
         <subfield code="c">1933-35]</subfield>
      </datafield>
      <datafield tag="300" ind1=" " ind2=" ">
         <subfield code="a">3 v. in 2 ;</subfield>
         <subfield code="c">25 cm.</subfield>
      </datafield>
      <datafield tag="500" ind1=" " ind2=" ">
         <subfield code="a">Photoreproduction in Baghdad 1973.</subfield>
      </datafield>
      <datafield tag="505" ind1="0" ind2=" ">
         <subfield code="a">al-Juzʾ al-awwal: Ibbān-Ibn ʻAysūn bi-iʻtināʾ G. Berg-Straesser- al-Juzʾ al-thānī: Ghāzī-Ibn Yūnis bi-iʻtināʾ G. Bergstraesser. [wa] Otto Pretzl.</subfield>
      </datafield>
      <datafield tag="650" ind1=" " ind2="0">
         <subfield code="a">Muslims</subfield>
         <subfield code="v">Biography.</subfield>
      </datafield>
      <datafield tag="700" ind1="1" ind2=" ">
         <subfield code="a">Bergsträsser, Gotthelf,</subfield>
         <subfield code="d">1886-1933.</subfield>
      </datafield>
      <datafield tag="700" ind1="1" ind2=" ">
         <subfield code="a">Pretzl, Otto,</subfield>
         <subfield code="d">1893-1941.</subfield>
      </datafield>
      <datafield tag="948" ind1="2" ind2=" ">
         <subfield code="a">20021212</subfield>
         <subfield code="b">x</subfield>
         <subfield code="d">hed5</subfield>
         <subfield code="e">lts</subfield>
         <subfield code="f">?</subfield>
         <subfield code="h">?</subfield>
      </datafield>
      <datafield tag="950" ind1=" " ind2=" ">
         <subfield code="b">2271.40922.338</subfield>
      </datafield>
      <datafield tag="903" ind1=" " ind2=" ">
         <subfield code="a">NYUACO</subfield>
         <subfield code="d">20141028</subfield>
         <subfield code="p">31924032331898</subfield>
      </datafield>
      <datafield tag="950" ind1=" " ind2=" ">
         <subfield code="a">BP70</subfield>
         <subfield code="b">.I12 1932a</subfield>
         <subfield code="v">v.1 </subfield>
      </datafield>
      <datafield tag="903" ind1=" " ind2=" ">
         <subfield code="a">NYUACO</subfield>
         <subfield code="d">20141028</subfield>
         <subfield code="p">31924032331906</subfield>
      </datafield>
      <datafield tag="950" ind1=" " ind2=" ">
         <subfield code="a">BP70</subfield>
         <subfield code="b">.I12 1932a</subfield>
         <subfield code="v">v.2 </subfield>
      </datafield>
   </record>
</collection>
